@article{Miyazaki2002,
author = {Miyazaki, R and Dobashi, Y and Nishita, T},
title = {{Simulation of Cumuliform Clouds Based on Computational Fluid Dynamics}},
year = {2002}
}
