@inproceedings{Fedkiw2001,
 author = {Fedkiw, Ronald and Stam, Jos and Jensen, Henrik Wann},
 title = {Visual Simulation of Smoke},
 booktitle = {Proceedings of the 28th Annual Conference on Computer Graphics and Interactive Techniques},
 series = {SIGGRAPH '01},
 year = {2001},
 isbn = {1-58113-374-X},
 pages = {15--22},
 numpages = {8},
 url = {http://doi.acm.org/10.1145/383259.383260},
 doi = {10.1145/383259.383260},
 acmid = {383260},
 publisher = {ACM},
 keywords = {Euler equations, Navier-Stokes equations, computational fluid dynamics, participating media, semi-Lagrangian methods, smoke, stable fluids, vorticity confinement},
} 
@misc{Bridson2007,
author = {Bridson, R and Muller-Fischer, M},
booktitle = {ACM SIGGRAPH 2007 Courses on SIGGRAPH 07},
doi = {10.1145/1281500.1281681},
pages = {1--81},
title = {{Fluid simulation: Siggraph 2007 course notes}},
year = {2007}
}

